@MISC{repo,
    title        = "Repositorio de Github",
    author       = "Justo Perez",
    month        = ago,
    year         = 2024,
    howpublished = "\url{https://dtellogaete.medium.com/regresi\%C3\%B3n-lineal-en-python-y-r-machine-learning-01-ff9d9077f8f}"

}

